@book{semmelhack_social_2013,
	location = {Hoboken},
	edition = {1},
	title = {Social Machines : How to Develop Connected Products That Change Customers' Lives},
	shorttitle = {Social Machines},
	publisher = {Wiley},
	author = {Semmelhack, Peter},
	date = {2013}
}

@thesis{cromwell,
	location = {Seattle, WA, USA},
	title = {The Social Act of Bicycling: Designing Bicycle Facilities to Foster Social Interaction},
	institution = {University of Washington},
	type = {Master's},
	author = {Cromwell, Peter},
	date = {2013},
}

@article{kostakos_brief_2010,
	title = {Brief Encounters: Sensing, Modeling and Visualizing Urban Mobility and Copresence Networks},
	volume = {17},
	issn = {1073-0516},
	shorttitle = {Brief Encounters},
	pages = {2:1--2:38},
	number = {1},
	journaltitle = {{ACM} Trans. Comput.-Hum. Interact.},
	author = {Kostakos, Vassilis and O'Neill, Eamonn and Penn, Alan and Roussos, George and Papadongonas, Dikaios},
	date = {2010-04},
}

@article{spinney,
	title = {Cycling the City: Movement, Meaning and Method},
	volume = {3},
	shorttitle = {Cycling the City},
	pages = {817--835},
	number = {2},
	journaltitle = {Geography Compass},
	author = {Spinney, Justin},
	date = {2009-03-01},
}

@inproceedings{hughes_faltering_1992,
	location = {New York, {NY}, {USA}},
	title = {Faltering from Ethnography to Design},
	isbn = {0-89791-542-9},
	series = {{CSCW} '92},
	pages = {115--122},
	booktitle = {Proceedings of the 1992 {ACM} Conference on Computer-supported Cooperative Work},
	publisher = {{ACM}},
	author = {Hughes, John A. and Randall, David and Shapiro, Dan},
	date = {1992},
}

@inproceedings{esbjornsson,
	location = {New York, {NY}, {USA}},
	title = {Motorcycling and Social Interaction: Design for the Enjoyment of Brief Traffic Encounters},
	series = {{GROUP} '03},
	shorttitle = {Motorcycling and Social Interaction},
	pages = {85--94},
	booktitle = {Proceedings of the 2003 International {ACM} {SIGGROUP} Conference on Supporting Group Work},
	publisher = {{ACM}},
	author = {Esbjörnsson, Mattias and Juhlin, Oskar and Östergen, Mattias},
	date = {2003},
}

@incollection{jungnickel,
  title = {Jumps, Stutters, Blurs and Other Failed Images: Using Time-Lapse Video in Cycling Research}, 
	author = {Jungnickel, Katrina},
  editor = {Bates, Charlotte},
  booktitle = {Video Methods: Social Science Research in Motion},
  year = {2014},
	location = {New York, {NY}, {USA}},
  publisher = {Routledge}
}


@article{jungnickel_cyclings_2014,
	title = {Cycling’s Sensory Strategies: How Cyclists Mediate their Exposure to the Urban Environment},
	volume = {9},
	shorttitle = {Cycling’s Sensory Strategies},
	pages = {238--255},
	number = {2},
	journaltitle = {Mobilities},
	author = {Jungnickel, Katrina and Aldred, Rachel},
	date = {2014-04-03},
}

@article{aldred2010,
	title = {‘On the outside’: constructing cycling citizenship},
	volume = {11},
	shorttitle = {‘On the outside’},
	pages = {35--52},
	number = {1},
	journaltitle = {Social \& Cultural Geography},
	author = {Aldred, Rachel},
	date = {2010-02-01}
}

@article{aldred2012,
	title = {Constructing Mobile Places between ‘Leisure’ and ‘Transport’: A Case Study of Two Group Cycle Rides},
	volume = {46},
	shorttitle = {Constructing Mobile Places between ‘Leisure’ and ‘Transport’},
	pages = {523--539},
	number = {3},
	journaltitle = {Sociology},
	shortjournal = {Sociology},
	author = {Aldred, Rachel and Jungnickel, Katrina},
	date = {2012-06-01},
}

@inproceedings{reddy_biketastic:_2010,
	location = {New York, {NY}, {USA}},
	title = {Biketastic: Sensing and Mapping for Better Biking},
	series = {{CHI} '10},
	shorttitle = {Biketastic},
	pages = {1817--1820},
	booktitle = {Proceedings of the {SIGCHI} Conference on Human Factors in Computing Systems},
	publisher = {{ACM}},
	author = {Reddy, Sasank and Shilton, Katie and Denisov, Gleb and Cenizal, Christian and Estrin, Deborah and Srivastava, Mani},
	date = {2010},
}

@article{mcilvenny,
	title = {Vélomobile Formations-in-Action: Biking and Talking Together},
	volume = {17},
	pages = {137--156},
	number = {2},
	journaltitle = {Space and Culture},
	shortjournal = {Space and Culture},
	author = {{McIlvenny}, Paul},
	date = {2014-05-01},
}

@incollection{jensen,
  title={Erving Goffman and Everyday Life Mobility},
  author={Jensen, Ole B},
  booktitle={The Contemporary Goffman},
  editor={Jacobsen, Michael H},
  volume={68},
  pages={333--351},
  year={2010},
  location={Abingdon, England},
  publisher={Routledge}
}

@incollection{spinney2007,
  title={Cycling the city: non-place and the sensory construction of meaning in a mobile practice},
  author={Spinney, Justin},
  booktitle={Cycling and society},
  pages={25--45},
  year={2007},
  editor={Rosen, Paul and Cox, Peter and Horton, David},
  publisher={Ashgate Aldershot}
}

@incollection{flaneur,
  title={The flaneur on wheels?},
  author={Oddy, Nicholas},
  booktitle={Cycling and society},
  pages={97--112},
  year={2007},
  editor={Rosen, Paul and Cox, Peter and Horton, David},
  publisher={Ashgate Aldershot}
}

@incollection{outthere,
  booktitle={Off Tour: Compte-rendu d’étapes},
  title={View from the saddle and the lens: Experiencing, examining and representing cycling cultures},
  author={Jungnickel, Katrina},
  pages={28--30},
  year={2012},
  publisher={ECAL University of Art and Design},
  location={Lausanne, Switzerland}
}

@misc{goffman,
  title={Relations in Public: Microstudies of the Public Order},
  author={Goffman, Erving},
  year={1971},
  location={New York, NY, USA},
  publisher={Basic Books}
}

@inproceedings{rowland,
	location = {New York, {NY}, {USA}},
	title = {Ubikequitous Computing: Designing Interactive Experiences for Cyclists},
	series = {{MobileHCI} '09},
	shorttitle = {Ubikequitous Computing},
	booktitle = {Proceedings of the 11th International Conference on Human-Computer Interaction with Mobile Devices and Services},
	publisher = {{ACM}},
	author = {Rowland, Duncan and Flintham, Martin and Oppermann, Leif and Marshall, Joe and Chamberlain, Alan and Koleva, Boriana and Benford, Steve and Perez, Citlali},
	date = {2009},
}

@incollection{cheng,
	title = {Designing Copresent Cycling Experience},
	pages = {20--25},
	booktitle = {Human-Computer Interaction. Applications and Services},
	publisher = {Springer},
  location = {Berlin/Heidelberg, Germany},
	author = {Cheng, Yun-Maw and Chen, Wei-Ju and Wu, Tong-Ying and Sandnes, Frode Eika and Johnson, Chris and Yang, Chao-Yang},
	editor = {Kurosu, Masaaki},
	date = {2013},
}

@video{mediaarttube_jeffrey_2008,
	title = {Jeffrey Shaw: Legible City, Responsive Environment 1988-91},
	url = {https://www.youtube.com/watch?v=61l7Y4MS4aU&feature=youtube_gdata_player},
	shorttitle = {Jeffrey Shaw},
	editoratype = {collaborator},
	urldate = {2015-04-07},
	date = {2008-04-20},
}

@incollection{prototypes,
  title = {What do Prototypes Prototype?},
  author = {Stephanie Houde and Charles Hill},
  booktitle = {Handbook of Human-Computer Interaction (2nd Ed.)},
  editor = {M. Helander, T. Landauer, and P. Prabhu},
  publisher = {Elsevier Science B. V},
  location = {Amsterdam},
  year = 1997
}

@inproceedings{dourish,
	title = {Re-place-ing space: the roles of place and space in collaborative systems},
	shorttitle = {Re-place-ing space},
	pages = {67--76},
	booktitle = {Proceedings of the 1996 {ACM} conference on Computer supported cooperative work},
	publisher = {{ACM}},
	author = {Harrison, Steve and Dourish, Paul},
	date = {1996},
}

@inproceedings{botero,
	title = {Expanding design space: Design-in-use activities and strategies},
	shorttitle = {Expanding design space},
	booktitle = {Proceedings of the {DRS} Conference on Design and Complexity},
	author = {Botero, Andrea and Kommonen, Kari-Hans and Marttila, Sanna},
	date = {2010},
}

@article{westerlund,
	title = {Design space conceptual tool–grasping the design process},
	number = {1},
	journaltitle = {Nordes},
	author = {Westerlund, Bo},
	date = {2009},
}


@article{ia,
  title={Interaction analysis: Foundations and practice},
  author={Jordan, Brigitte and Henderson, Austin},
  journal={The journal of the learning sciences},
  volume={4},
  number={1},
  pages={39--103},
  year={1995},
  publisher={Taylor \& Francis}
}


@article{suchman,
  title={Making work visible},
  author={Suchman, Lucy},
  journal={Communications of the ACM},
  volume={38},
  number={9},
  pages={56--64},
  year={1995},
  publisher={ACM}
}

@article{lee,
	title = {The True Benefits of Designing Design Methods},
	volume = {3},
	url = {http://scholarworks.dlib.indiana.edu/journals/index.php/artifact/article/view/3951},
	pages = {5--1},
	number = {2},
	journaltitle = {Artifact},
	author = {Lee, Jung-Joo},
	urldate = {2015-05-11},
	date = {2014},
}

@article{mette,
	title = {Experiments all the way: Diagrams of dialectics between a design research program and experiments},
	volume = {3},
	number = {2},
	journaltitle = {Artifact},
	author = {Bang, Anne Louise and Eriksen, Mette Agger},
	date = {2014},
}


@article{spinney2011,
	title = {A Chance to Catch a Breath: Using Mobile Video Ethnography in Cycling Research},
	volume = {6},
	pages = {161--182},
	number = {2},
	journaltitle = {Mobilities},
	author = {Spinney, Justin},
	date = {2011-05-01},
}


@book{beyer,
  title={Contextual design: defining customer-centered systems},
  author={Beyer, Hugh and Holtzblatt, Karen},
  year={1997},
  publisher={Elsevier}
}

@book{schoen,
  title={The reflective practitioner: How professionals think in action},
  author={Schön, Donald A},
  year={1983},
  publisher={Basic books},
  location = {USA}
}


@article{spinney2015,
	title = {Close encounters? Mobile methods, (post)phenomenology and affect},
	shorttitle = {Close encounters?},
	journaltitle = {Cultural Geographies},
	author = {Spinney, Justin},
	date = {2014},
  volume = {22},
  number = {2},
  pages = {231--246}
}

@inproceedings{binder,
	title = {Exemplary design research},
	author = {Binder, Thomas and Redström, Johan},
	date = {2006},
  location = {Lisbon, Portugal},
	booktitle = {Proceedings of the Design Research Society Wonderground International Conference 2006},
}
